30 mtime=1448360311.744718158
30 atime=1471954570.949539324
30 ctime=1471954157.863632417
